<record><leader>00000cas a22000007a 4500</leader><controlfield tag="001">11822826</controlfield><controlfield tag="008">850319d18591930wiuwr ne      0    0eng d</controlfield><datafield ind1=" " ind2=" " tag="010"><subfield code="a">sn 85033289 </subfield></datafield><datafield ind1=" " ind2=" " tag="040"><subfield code="a">NPU</subfield><subfield code="b">eng</subfield><subfield code="c">NPU</subfield><subfield code="d">NPV</subfield><subfield code="d">OBN</subfield><subfield code="d">OCL</subfield><subfield code="d">KRTAS</subfield><subfield code="d">OCLCQ</subfield><subfield code="d">OCLCF</subfield><subfield code="d">OCLCO</subfield></datafield><datafield ind1=" " ind2=" " tag="042"><subfield code="a">msc</subfield></datafield><datafield ind1=" " ind2=" " tag="043"><subfield code="a">n-us-wi</subfield></datafield><datafield ind1="0" ind2=" " tag="130"><subfield code="a">Waukesha freeman (Waukesha, Wis. : Weekly)</subfield></datafield><datafield ind1="1" ind2="0" tag="245"><subfield code="a">Waukesha freeman.</subfield></datafield><datafield ind1="1" ind2="3" tag="246"><subfield code="a">Freeman</subfield></datafield><datafield ind1="1" ind2="7" tag="246"><subfield code="a">Waukesha weekly freeman</subfield></datafield><datafield ind1=" " ind2=" " tag="260"><subfield code="a">Waukesha, Wis. :</subfield><subfield code="b">M. Cullaton</subfield></datafield><datafield ind1=" " ind2=" " tag="300"><subfield code="a">v.</subfield></datafield><datafield ind1=" " ind2=" " tag="310"><subfield code="a">Weekly</subfield></datafield><datafield ind1="0" ind2=" " tag="362"><subfield code="a">Vol. 1, no. 1 (Mar. 29, 1859)-</subfield></datafield><datafield ind1="1" ind2=" " tag="362"><subfield code="a">Ceased in 1930.</subfield></datafield><datafield ind1=" " ind2=" " tag="500"><subfield code="a">"Official paper of the village and county."</subfield></datafield><datafield ind1=" " ind2=" " tag="515"><subfield code="a">Adds whole numbering.</subfield></datafield><datafield ind1=" " ind2=" " tag="580"><subfield code="a">Issued also in a daily edition: Waukesha daily freeman, 1920-1964.</subfield></datafield><datafield ind1=" " ind2=" " tag="580"><subfield code="a">Absorbed: Waukesha journal, 1893, and: Waukesha press, May 31, 1906, and: Waukesha dispatch, Oct. 30, 1920.</subfield></datafield><datafield ind1=" " ind2="0" tag="651"><subfield code="a">Waukesha (Wis.)</subfield><subfield code="v">Newspapers.</subfield></datafield><datafield ind1=" " ind2="0" tag="651"><subfield code="a">Waukesha County (Wis.)</subfield><subfield code="v">Newspapers.</subfield></datafield><datafield ind1=" " ind2="7" tag="655"><subfield code="a">Newspapers.</subfield><subfield code="2">fast</subfield><subfield code="0">(OCoLC)fst01423814</subfield></datafield><datafield ind1=" " ind2="7" tag="651"><subfield code="a">Wisconsin</subfield><subfield code="z">Waukesha.</subfield><subfield code="2">fast</subfield><subfield code="0">(OCoLC)fst01234251</subfield></datafield><datafield ind1=" " ind2="7" tag="651"><subfield code="a">Wisconsin</subfield><subfield code="z">Waukesha County.</subfield><subfield code="2">fast</subfield><subfield code="0">(OCoLC)fst01215983</subfield></datafield><datafield ind1=" " ind2=" " tag="752"><subfield code="a">United States</subfield><subfield code="b">Wisconsin</subfield><subfield code="c">Waukesha</subfield><subfield code="d">Waukesha.</subfield></datafield><datafield ind1="0" ind2=" " tag="775"><subfield code="t">Waukesha daily freeman</subfield><subfield code="w">(DLC)sn 87082420</subfield></datafield><datafield ind1="0" ind2="5" tag="780"><subfield code="t">Waukesha journal</subfield><subfield code="w">(DLC)sn 85040741</subfield></datafield><datafield ind1="0" ind2="5" tag="780"><subfield code="t">Waukesha press</subfield><subfield code="w">(DLC)sn 85040738</subfield></datafield><datafield ind1="0" ind2="5" tag="780"><subfield code="t">Waukesha dispatch</subfield><subfield code="w">(DLC)sn 85040742</subfield></datafield><datafield ind1=" " ind2=" " tag="938"><subfield code="a">Kirtas Technologies, Inc.</subfield><subfield code="b">KRTS</subfield><subfield code="n">739081</subfield></datafield></record>